<?xml version="1.0" encoding="UTF-8"?><collection xmlns="http://www.loc.gov/MARC21/slim"><record><leader>00499nam--2200133-i-4500</leader><controlfield tag="001">000034249</controlfield><controlfield tag="002">20161230</controlfield><controlfield tag="005">20161230201039</controlfield><controlfield tag="008">060222s1000------------r-----000-0-eng-d</controlfield><datafield ind1=" " ind2=" " tag="080"><subfield code="a">541.41:546.791(043)</subfield></datafield><datafield ind1=" " ind2=" " tag="100"><subfield code="a">Mungier De Trobriand, Anne</subfield></datafield><datafield ind1=" " ind2=" " tag="245"><subfield code="a">Etude du phenomene de temicton obtenu a partir de solution aqueuses de sels d`ammoniums quaternaires. application a l`extraction liquide-liquide de l`uranium. these</subfield></datafield><datafield ind1=" " ind2=" " tag="260"><subfield code="a">Paris, Universite Pierre Et Marie Curie, 1977, 124p</subfield></datafield><datafield ind1=" " ind2=" " tag="852"><subfield code="a">49835</subfield></datafield></record></collection>